
@article{thisdocument,
  author = 	 {Ich},
  title = 	 {Vorlage f√ºr das Hauptseminar},
  journal = 	 {Diese Zeitschrift},
  year = 	 {2025},
  note = 	 {Dieses Dokument solle sich selbst verlinken (Hilfe, Endlosrekursion!)},
  url42 = {./Ausarbeitung\_Vorlage.pdf}
}

@misc{NOC,
  author = {Daniel Shiffman},
  title = {{The Nature of Code, Chapter 7: Cellular Automata}},
  howpublished = {\url{https://natureofcode.com/cellular-automata/}},
  year = 2025,
  note = {Accessed: 2025-05-12}
}